<record><leader>00000cas a22000007a 4500</leader><controlfield tag="001">13213960</controlfield><controlfield tag="008">860228d18911915inuwr ne      0    0eng d</controlfield><datafield ind1=" " ind2=" " tag="010"><subfield code="a">sn 86058326 </subfield></datafield><datafield ind1=" " ind2=" " tag="040"><subfield code="a">NPI</subfield><subfield code="b">eng</subfield><subfield code="c">NPI</subfield><subfield code="d">OCLCQ</subfield><subfield code="d">IUL</subfield><subfield code="d">OCLCF</subfield></datafield><datafield ind1=" " ind2=" " tag="042"><subfield code="a">msc</subfield></datafield><datafield ind1=" " ind2=" " tag="043"><subfield code="a">n-us-in</subfield></datafield><datafield ind1="0" ind2=" " tag="130"><subfield code="a">Messenger (Valparaiso, Ind.)</subfield></datafield><datafield ind1="1" ind2="4" tag="245"><subfield code="a">The messenger.</subfield></datafield><datafield ind1=" " ind2=" " tag="260"><subfield code="a">Valparaiso, Ind. :</subfield><subfield code="b">E. Zimmerman,</subfield><subfield code="c">1891-1915.</subfield></datafield><datafield ind1=" " ind2=" " tag="300"><subfield code="a">v. :</subfield><subfield code="b">ill.</subfield></datafield><datafield ind1=" " ind2=" " tag="310"><subfield code="a">Weekly</subfield></datafield><datafield ind1="0" ind2=" " tag="362"><subfield code="a">Vol. 21, no. 21 (Sept. 10, 1891)-v. 24, [no. 9] (June 22, 1915).</subfield></datafield><datafield ind1=" " ind2=" " tag="580"><subfield code="a">Published also in a daily edition called: Evening messenger (Valparaiso, Ind.).</subfield></datafield><datafield ind1=" " ind2="0" tag="651"><subfield code="a">Valparaiso (Ind.)</subfield><subfield code="v">Newspapers.</subfield></datafield><datafield ind1=" " ind2="0" tag="651"><subfield code="a">Porter County (Ind.)</subfield><subfield code="v">Newspapers.</subfield></datafield><datafield ind1=" " ind2="7" tag="651"><subfield code="a">Indiana</subfield><subfield code="z">Porter County.</subfield><subfield code="2">fast</subfield><subfield code="0">(OCoLC)fst01215718</subfield></datafield><datafield ind1=" " ind2="7" tag="651"><subfield code="a">Indiana</subfield><subfield code="z">Valparaiso.</subfield><subfield code="2">fast</subfield><subfield code="0">(OCoLC)fst01210544</subfield></datafield><datafield ind1=" " ind2="7" tag="655"><subfield code="a">Newspapers.</subfield><subfield code="2">fast</subfield><subfield code="0">(OCoLC)fst01423814</subfield></datafield><datafield ind1=" " ind2=" " tag="752"><subfield code="a">United States</subfield><subfield code="b">Indiana</subfield><subfield code="c">Porter</subfield><subfield code="d">Valparaiso.</subfield></datafield><datafield ind1="1" ind2=" " tag="775"><subfield code="t">Evening messenger (Valparaiso, Ind.)</subfield><subfield code="w">(DLC)sn 86058327</subfield><subfield code="w">(OCoLC)13213955</subfield></datafield><datafield ind1="0" ind2="0" tag="780"><subfield code="t">Valparaiso messenger</subfield><subfield code="w">(DLC)sn 84038227</subfield><subfield code="w">(OCoLC)11257185</subfield></datafield></record>